<?xml version="1.0" encoding="UTF-8"?><record xmlns="http://www.loc.gov/MARC21/slim" xmlns:cinclude="http://apache.org/cocoon/include/1.0" xmlns:zs="http://www.loc.gov/zing/srw/">
  <leader>00620cz  a2200181n  4500</leader>
  <controlfield tag="001">no2011127863</controlfield>
  <controlfield tag="003">DLC</controlfield>
  <controlfield tag="005">20130327092853.0</controlfield>
  <controlfield tag="008">110817n| azannaabn          |a aaa     c</controlfield>
  <datafield tag="010" ind1=" " ind2=" ">
    <subfield code="a">no2011127863</subfield>
  </datafield>
  <datafield tag="035" ind1=" " ind2=" ">
    <subfield code="a">(OCoLC)oca08947850</subfield>
  </datafield>
  <datafield tag="040" ind1=" " ind2=" ">
    <subfield code="a">OrU</subfield>
    <subfield code="b">eng</subfield>
    <subfield code="e">rda</subfield>
    <subfield code="c">OrU</subfield>
    <subfield code="d">DLC</subfield>
  </datafield>
  <datafield tag="046" ind1=" " ind2=" ">
    <subfield code="k">1980</subfield>
  </datafield>
  <datafield tag="100" ind1="0" ind2=" ">
    <subfield code="a">Juan Manuel,</subfield>
    <subfield code="c">Infante of Castile,</subfield>
    <subfield code="d">1282-1347.</subfield>
    <subfield code="t">Works.</subfield>
    <subfield code="k">Selections.</subfield>
    <subfield code="f">1980</subfield>
  </datafield>
  <datafield tag="381" ind1=" " ind2=" ">
    <subfield code="a">Selections</subfield>
  </datafield>
  <datafield tag="400" ind1="0" ind2=" ">
    <subfield code="a">Juan Manuel,</subfield>
    <subfield code="c">Infante of Castile,</subfield>
    <subfield code="d">1282-1347.</subfield>
    <subfield code="t">Juan Manuel, a selection.</subfield>
    <subfield code="f">1980</subfield>
  </datafield>
  <datafield tag="400" ind1="0" ind2=" ">
    <subfield code="w">nnea</subfield>
    <subfield code="a">Juan Manuel,</subfield>
    <subfield code="c">Infante of Castile,</subfield>
    <subfield code="d">1282-1347.</subfield>
    <subfield code="t">Selections.</subfield>
    <subfield code="f">1980</subfield>
  </datafield>
  <datafield tag="670" ind1=" " ind2=" ">
    <subfield code="a">Juan Manuel, a selection, 1980.</subfield>
  </datafield>
</record>